@article{liu2005co,
  title={Co-authorship networks in the digital library research community},
  author={Liu, Xiaoming and Bollen, Johan and Nelson, Michael L and Van de Sompel, Herbert},
  journal={Information processing \& management},
  volume={41},
  number={6},
  pages={1462--1480},
  year={2005},
  publisher={Elsevier}
}


@incollection{glanzel2005analysing,
  title={Analysing scientific networks through co-authorship},
  author={Gl{\"a}nzel, Wolfgang and Schubert, Andr{\'a}s},
  booktitle={Handbook of quantitative science and technology research},
  pages={257--276},
  year={2005},
  publisher={Springer}
}


@article{morel2009co,
  title={Co-authorship network analysis: a powerful tool for strategic planning of research, development and capacity building programs on neglected diseases},
  author={Morel, Carlos Medicis and Serruya, Suzanne Jacob and Penna, Gerson Oliveira and Guimar{\~a}es, Reinaldo},
  journal={PLoS neglected tropical diseases},
  volume={3},
  number={8},
  pages={e501},
  year={2009},
  publisher={Public Library of Science}
}

@inproceedings{niels2008writer,
  title={Writer identification through information retrieval: the allograph weight vector},
  author={Niels, Ralph and Grootjen, Franc and Vuurpijl, Louis and others},
  booktitle={International Conference on Frontiers in Handwriting Recognition},
  pages={481--486},
  year={2008}
}

@inproceedings{steyvers2004probabilistic,
  title={Probabilistic author-topic models for information discovery},
  author={Steyvers, Mark and Smyth, Padhraic and Rosen-Zvi, Michal and Griffiths, Thomas},
  booktitle={Proceedings of the tenth ACM SIGKDD international conference on Knowledge discovery and data mining},
  pages={306--315},
  year={2004},
  organization={ACM}
}

@article{newman2004coauthorship,
  title={Coauthorship networks and patterns of scientific collaboration},
  author={Newman, Mark EJ},
  journal={Proceedings of the National academy of Sciences of the United States of America},
  volume={101},
  number={Suppl 1},
  pages={5200--5205},
  year={2004},
  publisher={National Acad Sciences}
}


@book{chowdhury2010introduction,
  title={Introduction to modern information retrieval},
  author={Chowdhury, G},
  year={2010},
  publisher={Facet publishing}
}

@book{Liu:2006:WDM:1215470,
 author = {Liu, Bing},
 title = {Web Data Mining: Exploring Hyperlinks, Contents, and Usage Data (Data-Centric Systems and Applications)},
 year = {2006},
 isbn = {3540378812},
 publisher = {Springer-Verlag New York, Inc.},
 address = {Secaucus, NJ, USA},
} 


@inproceedings{de2006using,
  title={Using Dijkstra's algorithm to incrementally find the k-Nearest Neighbors in spatial network databases},
  author={De Almeida, Victor Teixeira and G{\"u}ting, Ralf Hartmut},
  booktitle={Proceedings of the 2006 ACM symposium on Applied computing},
  pages={58--62},
  year={2006},
  organization={ACM}
}

@article{o2005analysis,
  title={Analysis and visualization of network data using JUNG},
  author={O’Madadhain, Joshua and Fisher, Danyel and Smyth, Padhraic and White, Scott and Boey, Yan-Biao},
  journal={Journal of Statistical Software},
  volume={10},
  number={2},
  pages={1--35},
  year={2005}
}

@article{balaban2002co,
  title={Co-authorship, rational Erd{\H{o}}s numbers, and resistance distances in graphs},
  author={Balaban, Alexandru T and Klein, Douglas J},
  journal={Scientometrics},
  volume={55},
  number={1},
  pages={59--70},
  year={2002},
  publisher={Akad{\'e}miai Kiad{\'o}, co-published with Springer Science+ Business Media BV, Formerly Kluwer Academic Publishers BV}
}

@misc{rodrigez2010mysql,
  title={MySQL vs. Neo4J on a Large-Scale Graph Traversal},
  author={Rodrigez, MA},
  year={2010}
}
